
@Misc{ front_image,
author = { The Gene Ontology Consortium },
title = { Gene ontology: tool for the unification of biology },
journal = { Nat Genet. May 2000;25(1):25-9 },
url = { geneontology.org }
annote = { Image Reference } }

@Misc{ context_menu,
author = { Cytoscape Consortium },
title = { cytoscape.js Context Menu },
url = { https://github.com/cytoscape/cytoscape.js-cxtmenu }
annote = { Context Menu Reference } }

@Misc{ cytoscape_API,
author = { Cytoscape Consortium },
title = { cytoscape.js 2.3.5 Web-API },
url = { http://cytoscape.github.io/cytoscape.js/api/cytoscape.js-latest/cytoscape.min.js }
annote = { Context Menu Reference } }

@Misc{ animation,
author = { code.jquery.com },
title = { code.jquery.com },
url = { http://code.jquery.com/jquery-2.0.3.min.js }
annote = { Animation Reference } }

@Misc{ style,
author = { Bootstrap },
title = { CSS Style },
url = { http://www.getbootstrap.com }
annote =  { Style Reference } }

@Misc{ database,
author = { MongoDB },
title = { MongoDB Documentation Manual },
url = { http://docs.mongodb.org/manual/ }
annote =  { database Reference } }